% Encoding: UTF-8

@Misc{aneel,
    title =         {Energia Solar},
    year =          {2016},
    org-short =     {ANEEL},
    organization =  {Agência Nacional de Energia Elétrica},
    urlaccessdate = {10 abr. 2016},
    url =           {http://www2.aneel.gov.br/aplicacoes/atlas/pdf/03-Energia_Solar(3).pdf/}
}

@Misc{atitudessustentaveis,
    title =         {O que é a sustentabilidade ambiental},
    year =          {2016},
    organization =  {Atitudes Sustentáveis},
    urlaccessdate = {10 abr. 2016},
    url =           {http://www.atitudessustentaveis.com.br/sustentabilidade/sustentabilidade-ambiental-o-que-e-a-sustentabilidade-ambiental/}
}

@Misc{cemig,
    title =         {Evite o desperdício},
    year =          {2016},
    org-short =     {CEMIG},
    organization =  {Companhia Energética de Minas Gerais},
    urlaccessdate = {10 mar. 2016},
    url =           {https://www.cemig.com.br/pt­br/atendimento/Clientes/Paginas/evite_o_desperdicio.aspx/}
}

@Misc{cepel,
    title =         {Potencial Solar},
    year =          {2016},
    org-short =     {CEPEL},
    organization =  {Centro de Pesquisas de Energia Elétrica},
    urlaccessdate = {10 abr. 2016},
    url =           {http://www.cresesb.cepel.br/index.php#data}
}

@Misc{dasol,
    title =         {Princípio de Funcionamento},
    year =          {2016},
    org-short =     {DASOL},
    organization =  {Departamento Nacional de Energia Solar e Térmica},
    urlaccessdate = {10 mar. 2016},
    url =           {http://www.dasolabrava.org.br/informacoes/principio-de-funcionamento/}
}

@Misc{folha,
    title =         {Desperdício consome 10\% da energia elétrica do país},
    year =          {2016},
    organization =  {Folha de São Paulo},
    urlaccessdate = {10 mar. 2016},
    url =           {http://www1.folha.uol.com.br/mercado/2015/02/1586778-desperdicio-consome-10-da-energia-eletrica-no-pais-diz-associacao.shtml/}
}

@Misc{metalica,
    title =         {Aquecedor solar: utilização e vantagens},
    year =          {2016},
    organization =  {Portal Metálica},
    urlaccessdate = {10 abr. 2016},
    url =           {http://www.metalica.com.br/pg_dinamica/bin/pg_dinamica.php?id_pag=1015}
}
